@article{xia2019command,
  title={Command filter-based adaptive fuzzy control for nonlinear systems with unknown control directions},
  author={Xia, Jianwei and Zhang, Jing and Feng, June and Wang, Zhen and Zhuang, Guangming},
  journal={IEEE Transactions on Systems, Man, and Cybernetics: Systems},
  year={2019},
  publisher={IEEE}
}
@inproceedings{wagner2007genetic,
  title={A genetic algorithm based architecture for evolving type-2 fuzzy logic controllers for real world autonomous mobile robots},
  author={Wagner, Christian and Hagras, Hani},
  booktitle={2007 IEEE International Fuzzy Systems Conference},
  pages={1--6},
  year={2007},
  organization={IEEE}
}
@article{perez2007particle,
  title={Particle swarm approach for structural design optimization},
  author={Perez, RE l and Behdinan, K},
  journal={Computers \& Structures},
  volume={85},
  number={19-20},
  pages={1579--1588},
  year={2007},
  publisher={Elsevier}
}
@article{durgun2012structural,
  title={Structural design optimization of vehicle components using cuckoo search algorithm},
  author={Durgun, {\.I}smail and Yildiz, Ali R},
  journal={Materials Testing},
  volume={54},
  number={3},
  pages={185--188},
  year={2012},
  publisher={De Gruyter}
}
@inproceedings{geem2005harmony,
  title={Harmony search for structural design},
  author={Geem, Zong Woo and Lee, Kang Seok and Tseng, Chung-Li},
  booktitle={Proceedings of the 7th annual conference on Genetic and evolutionary computation},
  pages={651--652},
  year={2005}
}


@article{yildiz2012new,
  title={A new hybrid particle swarm optimization approach for structural design optimization in the automotive industry},
  author={Yildiz, Ali R},
  journal={Proceedings of the Institution of Mechanical Engineers, Part D: Journal of Automobile Engineering},
  volume={226},
  number={10},
  pages={1340--1351},
  year={2012},
  publisher={Sage Publications Sage UK: London, England}
}


@book{back1996evolutionary,
  title={Evolutionary algorithms in theory and practice: evolution strategies, evolutionary programming, genetic algorithms},
  author={Back, Thomas},
  year={1996},
  publisher={Oxford university press}
}
@book{clerc2010particle,
  title={Particle swarm optimization},
  author={Clerc, Maurice},
  volume={93},
  year={2010},
  publisher={John Wiley \& Sons}
}

@incollection{kennedy2006swarm,
  title={Swarm intelligence},
  author={Kennedy, James},
  booktitle={Handbook of nature-inspired and innovative computing},
  pages={187--219},
  year={2006},
  publisher={Springer}
}

@book{holland1992adaptation,
  title={Adaptation in natural and artificial systems: an introductory analysis with applications to biology, control, and artificial intelligence},
  author={Holland, John Henry and others},
  year={1992},
  publisher={MIT press}
}

@article{mirjalili2014grey,
  title={Grey wolf optimizer},
  author={Mirjalili, Seyedali and Mirjalili, Seyed Mohammad and Lewis, Andrew},
  journal={Advances in engineering software},
  volume={69},
  pages={46--61},
  year={2014},
  publisher={Elsevier}
}
@article{karabouga2004simple,
  title={A simple and global optimization algorithm for engineering problems: differential evolution algorithm},
  author={Karabo{\u{g}}a, Dervi{\c{s}} and {\"O}kdem, Sel{\c{c}}uk},
  journal={Turkish Journal of Electrical Engineering \& Computer Sciences},
  volume={12},
  number={1},
  pages={53--60},
  year={2004},
  publisher={The Scientific and Technological Research Council of Turkey}
}
@article{abualigah2021arithmetic,
  title={The arithmetic optimization algorithm},
  author={Abualigah, Laith and Diabat, Ali and Mirjalili, Seyedali and Abd Elaziz, Mohamed and Gandomi, Amir H},
  journal={Computer methods in applied mechanics and engineering},
  volume={376},
  pages={113609},
  year={2021},
  publisher={Elsevier}
}
@article{abualigah2021aquila,
  title={Aquila Optimizer: A novel meta-heuristic optimization Algorithm},
  author={Abualigah, Laith and Yousri, Dalia and Abd Elaziz, Mohamed and Ewees, Ahmed A and Al-qaness, Mohammed AA and Gandomi, Amir H},
  journal={Computers \& Industrial Engineering},
  volume={157},
  pages={107250},
  year={2021},
  publisher={Elsevier}
}
@article{geem2001new,
  title={A new heuristic optimization algorithm: harmony search},
  author={Geem, Zong Woo and Kim, Joong Hoon and Loganathan, Gobichettipalayam Vasudevan},
  journal={simulation},
  volume={76},
  number={2},
  pages={60--68},
  year={2001},
  publisher={Sage Publications Sage CA: Thousand Oaks, CA}
}

@incollection{eiben2003genetic,
  title={Genetic algorithms},
  author={Eiben, Agoston E and Smith, James E},
  booktitle={Introduction to evolutionary computing},
  pages={37--69},
  year={2003},
  publisher={Springer}
}



@article{wu2006genetic,
  title={Genetic learning and performance evaluation of interval type-2 fuzzy logic controllers},
  author={Wu, Dongrui and Tan, Woei Wan},
  journal={Engineering Applications of Artificial Intelligence},
  volume={19},
  number={8},
  pages={829--841},
  year={2006},
  publisher={Elsevier}
}

@article{holland1992genetic,
  title={Genetic algorithms},
  author={Holland, John H},
  journal={Scientific american},
  volume={267},
  number={1},
  pages={66--73},
  year={1992},
  publisher={JSTOR}
}
@book{engelbrecht2007computational,
  title={Computational intelligence: an introduction},
  author={Engelbrecht, Andries P},
  year={2007},
  publisher={John Wiley \& Sons}
}

@incollection{astudillo2013optimization,
  title={Optimization of a fuzzy tracking controller for an autonomous mobile robot under perturbed torques by means of a chemical optimization paradigm},
  author={Astudillo, Leslie and Melin, Patricia and Castillo, Oscar},
  booktitle={Recent advances on hybrid intelligent systems},
  pages={3--20},
  year={2013},
  publisher={Springer}
}

@inproceedings{sanchez1997adaptive,
  title={Adaptive fuzzy control for automatic path tracking of outdoor mobile robots. Application to Romeo 3r},
  author={Sanchez, O and Ollero, A and Heredia, G},
  booktitle={Proceedings of 6th International Fuzzy Systems Conference},
  volume={1},
  pages={593--599},
  year={1997},
  organization={IEEE}
}
@article{wan1970applying,
  title={Applying the genetic algorithm to optimization problems},
  author={Wan, H},
  journal={WIT Transactions on Information and Communication Technologies},
  volume={2},
  year={1970},
  publisher={WIT Press}
}
:
@inbook{Mancilla2021,
	abstract = {Optimization problems are present in many fields of science, engineering, and industry. In most cases, optimization problems involve a large number of complex decision variables. Often, the application of fuzzy systems to traditional control strategies requires the use of optimization techniques to define the parameters of the membership functions capturing the designer's experience. Currently, bioinspired algorithms are one of the most widely used methods for fuzzy system optimization. In this paper, we review the literature on the application of different bioinspired techniques such as Genetic Algorithms, Ant Colony Optimization, Particle Swarm Optimization, Galaxy Swarm Optimization, Harmony Search, Firefly, Differential Evolution, to optimize the parameters of the fuzzy controllers. We found particular trends in the current literature, with many methods using dynamic parameter adaptation, hybrids, distributed algorithms, and type-2 fuzzy logic.},
	address = {Chm},
	author = {Mancilla, Alejandra and Castillo, Oscar and Valdez, Mario Garc{\'\i}a},
	booktitle = {Recent Advances of Hybrid Intelligent Systems Based on Soft Computing},
	doi = {10.1007/978-3-030-58728-4_1},
	editor = {Melin, Patricia and Castillo, Oscar and Kacprzyk, Janusz},
	isbn = {978-3-030-58728-4},
	pages = {1--11},
	publisher = {Springer International Publishing},
	title = {Optimization of Fuzzy Logic Controllers with Distributed Bio-Inspired Algorithms},
	url = {https://doi.org/10.1007/978-3-030-58728-4_1},
	year = {2021},
	bdsk-url-1 = {https://doi.org/10.1007/978-3-030-58728-4_1}}

@inproceedings{mancilla2022tracking,
	abstract = {This paper presents three configurations for evolving the membership functions' parameters for a path-following fuzzy controller. Designers of fuzzy controllers have many options when selecting which parameters and how the optimization algorithm adjusts them. The experiments obtained excellent results with a relatively simple controller using three membership for each of the variables. We tested the proposed controller by a robot simulation that follows a path using a rear-wheel tracking technique. We optimized the controller's parameters using a genetic algorithm that consisted of a population of chromosomes containing the parameters of a controller. Each individual's fitness in the populations was determined by calculating the root-mean-square error resulting from each simulation. We have observed, changes in the selection of parameters that parameters to optimize, we tested four, eight, and 18, affect the results obtained and are essentialto minimize the total time of evaluations and a minimum possible error. We also tested two ranges for the random values used for initializing the population and verify that this selection also impacts the algorithms' performance.},
	address = {Cham},
	author = {Mancilla, Alejandra and Castillo, Oscar and Valdez, Mario Garcia},
	booktitle = {Intelligent and Fuzzy Techniques for Emerging Conditions and Digital Transformation},
	editor = {Kahraman, Cengiz and Cebi, Selcuk and Cevik Onar, Sezi and Oztaysi, Basar and Tolga, A. Cagri and Sari, Irem Ucal},
	isbn = {978-3-030-85626-7},
	pages = {461--468},
	publisher = {Springer International Publishing},
	title = {Evolutionary Approach to the Optimal Design of Fuzzy Controllers for Trajectory Tracking},
	year = {2022}
}
 
@article{back1993overview,
  title={An overview of evolutionary algorithms for parameter optimization},
  author={B{\"a}ck, Thomas and Schwefel, Hans-Paul},
  journal={Evolutionary computation},
  volume={1},
  number={1},
  pages={1--23},
  year={1993},
  publisher={mit Press}
}

@inproceedings{isaka1988design,
  title={On the design and performance evaluation of adaptive fuzzy controllers},
  author={Isaka, S and Sebald, AV and Karimi, A and Smith, NT and Quinn, ML},
  booktitle={Proceedings of the 27th IEEE Conference on Decision and Control},
  pages={1068--1069},
  year={1988},
  organization={IEEE}
}
@article{goguen_zadeh_1973,
	title = {{LA} {Zadeh}. {Fuzzy} sets. {Information} and control, vol. 8 (1965), pp. 338–353.-{LA} {Zadeh}. {Similarity} relations and fuzzy orderings. {Information} sciences, vol. 3 (1971), pp. 177–200.},
	volume = {38},
	number = {4},
	journal = {The Journal of Symbolic Logic},
	author = {Goguen, JA},
	year = {1973},
	note = {Publisher: Cambridge University Press},
	pages = {656--657},
}

@book{passino1998fuzzy,
  title={Fuzzy control},
  author={Passino, Kevin M and Yurkovich, Stephen and Reinfrank, Michael},
  volume={42},
  year={1998},
  publisher={Citeseer}
}

@article{king1977application,
  title={The application of fuzzy control systems to industrial processes},
  author={King, Peter J and Mamdani, Ehmat H},
  journal={Automatica},
  volume={13},
  number={3},
  pages={235--242},
  year={1977},
  publisher={Elsevier}
}
@inproceedings{mamdani1974application,
  title={Application of fuzzy algorithms for control of simple dynamic plant},
  author={Mamdani, Ebrahim H},
  booktitle={Proceedings of the institution of electrical engineers},
  volume={121},
  number={12},
  pages={1585--1588},
  year={1974},
  organization={IET}
}

@article{cardenas_cardona_inteligencia_2012,
	title = {Inteligencia artificial, métodos bio-inspirados: un enfoque funcional para las ciencias de la computación},
	author = {Cárdenas Cardona, Alejandro},
	year = {2012},
	note = {Publisher: Universidad Tecnológica de Pereira},
}

@incollection{zadeh1996fuzzy,
  title={Fuzzy sets},
  author={Zadeh, Lotfi A},
  booktitle={Fuzzy sets, fuzzy logic, and fuzzy systems: selected papers by Lotfi A Zadeh},
  pages={394--432},
  year={1996},
  publisher={World Scientific}
}

@article{castillo_new_2015,
	title = {A new approach for dynamic fuzzy logic parameter tuning in ant colony optimization and its application in fuzzy control of a mobile robot},
	volume = {28},
	journal = {Applied soft computing},
	author = {Castillo, Oscar and Neyoy, Héctor and Soria, José and Melin, Patricia and Valdez, Fevrier},
year = {2015},
	note = {Publisher: Elsevier},
	pages = {150--159},
}

@article{de_los_rios_evaluacion_2004,
	title = {Evaluación de estructuras y métodos de ajuste de reguladores {PID}-difusos},
	journal = {Comunicaciones aceptadas en las XXVI jornadas de automática},
	author = {De Los Ríos, CD and Alama, William Ipanaqué and Dedios, Luis Alonso Sánchez},
	year = {2004},
	pages = {4--26},
}

@article{garcia_path_2009,
	title = {Path planning for autonomous mobile robot navigation with ant colony optimization and fuzzy cost function evaluation},
	volume = {9},
	number = {3},
	journal = {Applied Soft Computing},
	author = {Garcia, MA Porta and Montiel, Oscar and Castillo, Oscar and Sepulveda, Roberto and Melin, Patricia},
	year = {2009},
	note = {Publisher: Elsevier},
	pages = {1102--1110},
}

@inproceedings{hernandez_optimization_2019,
	title = {Optimization of fuzzy controllers for autonomous mobile robots using the grey wolf optimizer},
	booktitle = {2019 {IEEE} international conference on fuzzy systems ({FUZZ}-{IEEE})},
	publisher = {IEEE},
	author = {Hernandez, Eufronio and Castillo, Oscar and Soria, Jose},
	year = {2019},
	pages = {1--6},
}

@inproceedings{lagunes_methodology_2017,
	title = {Methodology for the optimization of a fuzzy controller using a bio-inspired algorithm},
	booktitle = {North {American} {Fuzzy} {Information} {Processing} {Society} {Annual} {Conference}},
	publisher = {Springer},
	author = {Lagunes, Marylu L and Castillo, Oscar and Soria, Jose},
	year = {2017},
	pages = {131--137},
}

@incollection{lagunes_optimization_2018,
	title = {Optimization of membership function parameters for fuzzy controllers of an autonomous mobile robot using the firefly algorithm},
	booktitle = {Fuzzy {Logic} {Augmentation} of {Neural} and {Optimization} {Algorithms}: {Theoretical} {Aspects} and {Real} {Applications}},
	publisher = {Springer},
	author = {Lagunes, Marylu L and Castillo, Oscar and Soria, Jose},
	year = {2018},
	pages = {199--206},
}

@inproceedings{martinez-soto_bio-inspired_2012,
	title = {Bio-inspired optimization of fuzzy logic controllers for autonomous mobile robots},
	booktitle = {2012 {Annual} {Meeting} of the {North} {American} {Fuzzy} {Information} {Processing} {Society} ({NAFIPS})},
	publisher = {IEEE},
	author = {Martinez-Soto, Ricardo and Castillo, Oscar and Aguilar, Luis T and Baruch, Ieroham S},
	year = {2012},
	pages = {1--6},
}

@inproceedings{muelas_algoritmos_2009,
	title = {Algoritmos distribuidos heterogéneos para problemas de optimización continua},
	booktitle = {{VI} {Congreso} {Español} sobre {Metaheurísticas}, {Algoritmos} {Evolutivos} y {Bioinspirados}, {MAEB}},
	author = {Muelas, S and Pena, JM and LaTorre, A and Robles, V},
	year = {2009},
	pages = {425--432},
}

@article{paden_survey_2016,
	title = {A survey of motion planning and control techniques for self-driving urban vehicles},
	volume = {1},
	number = {1},
	journal = {IEEE Transactions on intelligent vehicles},
	author = {Paden, Brian and Čáp, Michal and Yong, Sze Zheng and Yershov, Dmitry and Frazzoli, Emilio},
	year = {2016},
	note = {Publisher: IEEE},
	pages = {33--55},
}

@article{beleno_planeacion_2014,
	title = {Planeación y {Seguimiento} de {Trayectorias} de un {Vehículo} {Terrestre} con {Base} en el {Control} de {Dirección} en un {Ambiente} {Real}},
	volume = {19},
	number = {4},
	journal = {Scientia et technica},
	author = {Beleño, Ruben Darío Hernandez and Vítor, Giovani Bernardes and Ferreira, Janito Vaqueiro and Meirelles, Pablo Siqueira},
	year = {2014},
	note = {Publisher: Universidad Tecnológica de Pereira},
	pages = {407--412},
}

@article{mateos_algoritmos_2004,
	title = {Algoritmos evolutivos y algoritmos genéticos},
	journal = {Inteligencia en Redes de Comunicaciones, Ingeniería de Telecomunicación. Universidad Carlos III de Madrid},
	author = {Mateos, A},
	year = {2004},
}

@book{coello_computacion_2019,
	title = {Computación {Evolutiva}},
	publisher = {Academia Mexicana de Computación, A. C.},
	editor = {Coello, Carlos Artemio Coello et al.},
	year = {2019},
}
@article{zhang2013cubic,
  title={Cubic spline trajectory generation with axis jerk and tracking error constraints},
  author={Zhang, Ke and Guo, Jian-Xin and Gao, Xiao-Shan},
  journal={International Journal of Precision Engineering and Manufacturing},
  volume={14},
  number={7},
  pages={1141--1146},
  year={2013},
  publisher={Springer}
}
:w
@article{pamucar_vehicle_2018,
	title = {Vehicle route selection with an adaptive neuro fuzzy inference system in uncertainty conditions},
	volume = {1},
	number = {1},
	journal = {Decision Making: Applications in Management and Engineering},
	author = {Pamucar, Dragan and Ćirović, Goran},
	year = {2018},
	pages = {13--37},
}
@book{tan2016introduction,
  title={Introduction to data mining},
  author={Tan, Pang-Ning and Steinbach, Michael and Kumar, Vipin},
  year={2016},
  publisher={Pearson Education India}
}
@article{guerrero-castellanos_trajectory_2014,
	title = {Trajectory tracking of a mobile robot (3, 0) by means of bounded control.},
	journal = {RIAI-Revista Iberoamericana de Automatica e Informatica Industrial},
	author = {Guerrero-Castellanos, JF and Villarreal-Cervantes, MG and Sánchez-Santana, JP and Ramírez-Martínez, S},
	year = {2014},
	note = {Publisher: Elsevier Doyma},
	pages = {426--434},
}
@inproceedings{samson1992path,
  title={Path following and time-varying feedback stabilization of a wheeled mobile robot},
  author={Samson, Claude},
  booktitle={International Conference on Control, Automation, Robotics and Vision, 1992},
  year={1992}
}

@article{sakai_pythonrobotics_2018,
	title = {{PythonRobotics}: a {Python} code collection of robotics algorithms},
	volume = {abs/1808.10703},
	url = {http://arxiv.org/abs/1808.10703},
	journal = {CoRR},
	author = {Sakai, Atsushi and Ingram, Daniel and Dinius, Joseph and Chawla, Karan and Raffin, Antonin and Paques, Alexis},
	year = {2018},
	note = {\_eprint: 1808.10703},
}
@incollection{de1998feedback,
  title={Feedback control of a nonholonomic car-like robot},
  author={De Luca, Alessandro and Oriolo, Giuseppe and Samson, Claude},
  booktitle={Robot motion planning and control},
  pages={171--253},
  year={1998},
  publisher={Springer}
}

@article{fortin_deap_2012,
	title = {{DEAP}: {Evolutionary} algorithms made easy},
	volume = {13},
	number = {1},
	journal = {The Journal of Machine Learning Research},
	author = {Fortin, Félix-Antoine and De Rainville, François-Michel and Gardner, Marc-André Gardner and Parizeau, Marc and Gagné, Christian},
	year = {2012},
	note = {Publisher: JMLR. org},
	pages = {2171--2175},
}

@article{antonelli_fuzzy-logic-based_2007,
	title = {A {Fuzzy}-{Logic}-{Based} {Approach} for {Mobile} {Robot} {Path} {Tracking}},
	volume = {15},
	issn = {1063-6706},
	url = {http://ieeexplore.ieee.org/document/4142745/},
	doi = {10.1109/TFUZZ.2006.879998},
	number = {2},
	urldate = {2021-12-10},
	journal = {IEEE Transactions on Fuzzy Systems},
	author = {Antonelli, Gianluca and Chiaverini, Stefano and Fusco, Giuseppe},
	month = {April},
	year = {2007},
	pages = {211--221},
}

@inproceedings{falcone_model_2007,
	title = {A model predictive control approach for combined braking and steering in autonomous vehicles},
	booktitle = {2007 {Mediterranean} {Conference} on {Control} \& {Automation}},
	publisher = {IEEE},
	author = {Falcone, Paolo and Borrelli, Francesco and Asgari, Jahan and Tseng, H Eric and Hrovat, Davor},
	year = {2007},
	pages = {1--6},
}

@article{samson_time-varying_1993,
	title = {Time-varying feedback stabilization of car-like wheeled mobile robots},
	volume = {12},
	number = {1},
	journal = {The International journal of robotics research},
	author = {Samson, Claude},
	year = {1993},
	note = {Publisher: Sage Publications Sage CA: Thousand Oaks, CA},
	pages = {55--64},
}

@article{bi_control_2020,
	title = {Control of {Robot} {Arm} {Motion} {Using} {Trapezoid} {Fuzzy} {Two}-{Degree}-of-{Freedom} {PID} {Algorithm}},
	volume = {12},
	issn = {2073-8994},
	url = {https://www.mdpi.com/2073-8994/12/4/665},
	doi = {10.3390/sym12040665},
	abstract = {Symmetries play very important in the dynamics of robot systems. The relevant control of robot arm motion with fault diagnosis including the optimized fuzzy algorithm based on the error rate adjustment P, I, D value (Fuzzy PID algorithm) model relies on symmetry principles. A robot is a kind of mechanical device that can program and perform certain operations and mobile tasks under automatic control. The manipulator is a very complex multi-input multi-output non-linear system and the main actuator of the robot. This paper focuses on the design of a control algorithm for a two-degree-of-freedom (2-DOF) manipulator. First, the mathematical model of a 2-DOF articulated manipulator is established, that is, the functional relationship between the input driving force vector and the output rotation angle vector of a 2-DOF manipulator. Then, a set of trajectory planning algorithms are designed by using gradient model control, which can calculate the trajectory of the end-effector of a 2-DOF manipulator according to the user’s task requirements. The experimental results verify the effectiveness of the proposed algorithm.},
	language = {en},
	number = {4},
	urldate = {2021-12-10},
	journal = {Symmetry},
	author = {Bi, Meng},
	month = {April},
	year = {2020},
	pages = {665},
	file = {Full Text:/Users/mario/Zotero/storage/858P6TFS/Bi - 2020 - Control of Robot Arm Motion Using Trapezoid Fuzzy .pdf:application/pdf},
}

@article{xu_model_2021,
	title = {A {Model} {Predictive} {Control} with {Preview}-{Follower} {Theory} {Algorithm} for {Trajectory} {Tracking} {Control} in {Autonomous} {Vehicles}},
	volume = {13},
	number = {3},
	journal = {Symmetry},
	author = {Xu, Ying and Tang, Wentao and Chen, Biyun and Qiu, Li and Yang, Rong},
	year = {2021},
	note = {Publisher: Multidisciplinary Digital Publishing Institute},
	pages = {381},
}

@article{zhong_path_2021,
	title = {Path {Tracking} of {Permanent} {Magnet} {Synchronous} {Motor} {Using} {Fractional} {Order} {Fuzzy} {PID} {Controller}},
	volume = {13},
	number = {7},
	journal = {Symmetry},
	author = {Zhong, Chong-Quan and Wang, Lin and Xu, Chuan-Fang},
	year = {2021},
	note = {Publisher: Multidisciplinary Digital Publishing Institute},
	pages = {1118},
}

@book{laumond_robot_1998,
	address = {London ; New York},
	series = {Lecture notes in control and information sciences},
	title = {Robot motion planning and control},
	isbn = {978-3-540-76219-5},
	number = {229},
	publisher = {Springer},
	editor = {Laumond, J.-P.},
	year = {1998},
	keywords = {Control systems, Motion, Robots},
}

@article{castillo_review_2012,
	title = {A review on the design and optimization of interval type-2 fuzzy controllers},
	volume = {12},
	issn = {15684946},
	url = {https://linkinghub.elsevier.com/retrieve/pii/S1568494611004947},
	doi = {10.1016/j.asoc.2011.12.010},
	language = {en},
	number = {4},
	urldate = {2021-12-10},
	journal = {Applied Soft Computing},
	author = {Castillo, Oscar and Melin, Patricia},
	month = {April},
	year = {2012},
	pages = {1267--1278},
}

@article{kim_trajectory_2015,
	title = {Trajectory optimization with particle swarm optimization for manipulator motion planning},
	volume = {11},
	number = {3},
	journal = {IEEE Transactions on Industrial Informatics},
	author = {Kim, Jeong-Jung and Lee, Ju-Jang},
	year = {2015},
	note = {Publisher: IEEE},
	pages = {620--631},
}

@article{lee_practical_2003,
	title = {A practical fuzzy logic controller for the path tracking of wheeled mobile robots},
	volume = {23},
	number = {2},
	journal = {IEEE Control Systems Magazine},
	author = {Lee, TH and Lam, HK and Leung, Frank HF and Tam, Peter KS},
	year = {2003},
	note = {Publisher: IEEE},
	pages = {60--65},
}

@inproceedings{baltes_fuzzy_1999,
	title = {A fuzzy logic controller for car-like mobile robots},
	booktitle = {Proceedings 1999 {IEEE} {International} {Symposium} on {Computational} {Intelligence} in {Robotics} and {Automation}. {CIRA}'99 ({Cat}. {No}. {99EX375})},
	publisher = {IEEE},
	author = {Baltes, Jacky and Otte, Robin},
	year = {1999},
	pages = {89--94},
}

@inproceedings{bentalba_fuzzy_1997,
	title = {Fuzzy control of a mobile robot: a new approach},
	booktitle = {Proceedings of the 1997 {IEEE} {International} {Conference} on {Control} {Applications}},
	publisher = {IEEE},
	author = {Bentalba, S and El Hajjaji, A and Rachid, A},
	year = {1997},
	pages = {69--72},
}

@article{maaref_sensor-based_2000,
	title = {Sensor-based fuzzy navigation of an autonomous mobile robot in an indoor environment},
	volume = {8},
	number = {7},
	journal = {Control Engineering Practice},
	author = {Maaref, H and Barret, C},
	year = {2000},
	note = {Publisher: Elsevier},
	pages = {757--768},
}

@book{driankov_introduction_2013,
	title = {An introduction to fuzzy control},
	publisher = {Springer Science \& Business Media},
	author = {Driankov, Dimiter and Hellendoorn, Hans and Reinfrank, Michael},
	year = {2013},
}

@book{driankov_fuzzy_2013,
	title = {Fuzzy logic techniques for autonomous vehicle navigation},
	volume = {61},
	publisher = {Physica},
	author = {Driankov, Dimiter and Saffiotti, Alessandro},
	year = {2013},
}

@inproceedings{yang_improved_2003,
	title = {An improved fuzzy logic based navigation system for mobile robots},
	volume = {2},
	booktitle = {Proceedings 2003 {IEEE}/{RSJ} {International} {Conference} on {Intelligent} {Robots} and {Systems} ({IROS} 2003)({Cat}. {No}. {03CH37453})},
	publisher = {IEEE},
	author = {Yang, Xiaoyu and Moallem, Mehrdad and Patel, Rajni V},
	year = {2003},
	pages = {1709--1714},
}

@inproceedings{DBLP:conf/evoW/SalemMGG18,
  author    = {Mohammed Salem and
               Antonio Miguel Mora and
               Juan Juli{\'{a}}n Merelo Guerv{\'{o}}s and
               Pablo Garc{\'{\i}}a{-}S{\'{a}}nchez},
  editor    = {Kevin Sim and
               Paul Kaufmann},
  title     = {Evolving a {TORCS} Modular Fuzzy Driver Using Genetic Algorithms},
  booktitle = {Applications of Evolutionary Computation - 21st International Conference,
               EvoApplications 2018, Parma, Italy, April 4-6, 2018, Proceedings},
  series    = {Lecture Notes in Computer Science},
  volume    = {10784},
  pages     = {342--357},
  publisher = {Springer},
  year      = {2018},
  url       = {https://doi.org/10.1007/978-3-319-77538-8\_24},
  doi       = {10.1007/978-3-319-77538-8\_24},
  timestamp = {Sat, 19 Oct 2019 20:31:03 +0200},
  biburl    = {https://dblp.org/rec/conf/evoW/SalemMGG18.bib},
  bibsource = {dblp computer science bibliography, https://dblp.org}
}
